@article{self-supervised-learning,
  title={Time-Contrastive Networks: Self-Supervised Learning from Multi-View Observation},
  author={Sermanet, Pierre and Lynch, Corey and Hsu, Jasmine and Levine, Sergey},
  journal={arXiv preprint arXiv:1704.06888},
  year={2017}
}

@article{constrained-softmax-loss,
  title={L2-constrained Softmax Loss for Discriminative Face Verification},
  author={Ranjan, Rajeev and Castillo, Carlos D and Chellappa, Rama},
  journal={arXiv preprint arXiv:1703.09507},
  year={2017}
}

@article{inception-v3,
  title={Rethinking the inception architecture for computer vision},
  author={Szegedy, Christian and Vanhoucke, Vincent and Ioffe, Sergey and Shlens, Jon and Wojna, Zbigniew},
  booktitle={Proceedings of the IEEE Conference on Computer Vision and Pattern Recognition},
  pages={2818--2826},
  year={2016}
}

@article{ppo,
  title={Proximal policy optimization algorithms},
  author={Schulman, John and Wolski, Filip and Dhariwal, Prafulla and Radford, Alec and Klimov, Oleg},
  journal={arXiv preprint arXiv:1707.06347},
  year={2017}
}

@article{gym,
  title={OpenAI gym},
  author={Brockman, Greg and Cheung, Vicki and Pettersson, Ludwig and Schneider, Jonas and Schulman, John and Tang, Jie and Zaremba, Wojciech},
  journal={arXiv preprint arXiv:1606.01540},
  year={2016}
}

@article{pytorch,
  title={Automatic differentiation in PyTorch},
  author={Paszke, Adam and Gross, Sam and Chintala, Soumith and Chanan, Gregory and Yang, Edward and DeVito, Zachary and Lin, Zeming and Desmaison, Alban and Antiga, Luca and Lerer, Adam},
  year={2017}
}

